@article{mccarthygame,
  title={The Gameâ€™s the Thing: Levelling up from Novice Status},
  author={McCarthy, Diane P and Oliver, Rob},
  publisher={Citeseer}
}

@inproceedings{teague2014longitudinal,
  title={Longitudinal think aloud study of a novice programmer},
  author={Teague, Donna and Lister, Raymond},
  booktitle={Proceedings of the Sixteenth Australasian Computing Education Conference-Volume 148},
  pages={41--50},
  year={2014},
  organization={Australian Computer Society, Inc.}
}

@misc{riley2014keep,
  title={How to Keep CALMS and Release More! Logentries blog. Online},
  author={Riley, C},
  year={2014}
}


@article{scaffidi2018employers,
  title={Employers needs for computer science, information technology and software engineering skills among new graduates},
  author={Scaffidi, Christopher},
  journal={International Journal of Computer Science, Engineering and Information Technology},
  volume={8},
  number={1},
  pages={1--12},
  year={2018}
}

@mastersthesis{radstaak2019developing,
  title={Developing a DevOps Maturity Model: A validated model to evaluate the maturity of DevOps in organizations},
  author={Radstaak, JM},
  year={2019},
  school={University of Twente}
}

@article{bachmann2016python,
  title={The Python Programming Language as a Focal Point for Converging Research and DevOps Processes in the IDL Infrastructure},
  author={Bachmann, Arne},
  year={2016},
  publisher={DLR}
}

@book{davis2016effective,
  title={Effective DevOps: building a culture of collaboration, affinity, and tooling at scale},
  author={Davis, Jennifer and Daniels, Ryn},
  year={2016},
  publisher={" O'Reilly Media, Inc."}
}

@article{erich2017qualitative,
  title={A qualitative study of DevOps usage in practice},
  author={Erich, FMA and Amrit, Chintan and Daneva, Maya},
  journal={Journal of software: Evolution and Process},
  volume={29},
  number={6},
  pages={e1885},
  year={2017},
  publisher={Wiley Online Library}
}

@article{laihonen2018adoption,
  title={Adoption of DevOps Practices in the Finnish Software Industry: an Empirical Study},
  author={Laihonen, Paul and others},
  year={2018}
}

@article{forsgren2018devops,
  title={DevOps metrics},
  author={Forsgren, Nicole and Kersten, Mik},
  journal={Communications of the ACM},
  volume={61},
  number={4},
  pages={44--48},
  year={2018},
  publisher={ACM New York, NY, USA}
}

@article{ebrahimi2006taxonomy,
  title={Taxonomy of novice programming error patterns with plan, web, and object solutions},
  author={Ebrahimi, A and Kopec, D and Schweikert, C},
  journal={ACM Computing Surveys},
  volume={38},
  number={2},
  pages={1--24},
  year={2006}
}

@inproceedings{rao2007towards,
  title={Towards mixed-initiative interactions in novice programming},
  author={Rao, Shilpi and Doherty, Liam and Kumar, Vive},
  booktitle={Seventh IEEE International Conference on Advanced Learning Technologies (ICALT 2007)},
  pages={822--824},
  year={2007},
  organization={IEEE}
}

@inproceedings{intisar2019classification,
  title={Classification of programming problems based on topic modeling},
  author={Intisar, Chowdhury Md and Watanobe, Yutaka and Poudel, Manoj and Bhalla, Subhash},
  booktitle={Proceedings of the 2019 7th International Conference on Information and Education Technology},
  pages={275--283},
  year={2019}
}

@misc{forsgrenaccelerate,
  title={Accelerate: state of DevOps report: Strategies for a new economy. DORA (DevOps Research and Assessment) and Google Cloud, 2018},
  author={Forgasm, N and Humble, J and Kim, G}
}
